%%%%%%%%%%%%%%%%%%%%%%%%%%%%%%%%%%%%%%%%%%%%%%%%%%%%%%%%%%%%%%%%%%%%%%%%%
%
% Purpose: Bibliography for IEEE 1516 High Level Architecture Standards
%
% Author: Dan E. Dexter - 12/15/2006
%
% Modified:
%
%
%%%%%%%%%%%%%%%%%%%%%%%%%%%%%%%%%%%%%%%%%%%%%%%%%%%%%%%%%%%%%%%%%%%%%%%%%

@techreport{IEEE1516:FRAMEWORK,
   author       ={Simulation Interoperability Standards Organization/
                   Standards Activities Committee (SISO/SAC)},
   title        ={{\em IEEE Standard for Modeling and Simulation (M\&S)
                    High Level Architecture (HLA) - Framework and Rules}},
   number       ={IEEE-1516-2010},
   institution  ={The Institute of Electrical and Electronics Engineers},
   address      ={2 Park Avenue, New York, NY 10016-5997},
   month        ={08},
   year         ={2010}
}

@techreport{IEEE1516:API,
   author       ={Simulation Interoperability Standards Organization/
                   Standards Activities Committee (SISO/SAC)},
   title        ={{\em IEEE Standard for Modeling and Simulation (M\&S)
                    High Level Architecture (HLA) - Federate Inferface
                    Specification}},
   number       ={IEEE-1516.1-2010},
   institution  ={The Institute of Electrical and Electronics Engineers},
   address      ={3 Park Avenue, New York, NY 10016-5997},
   month        ={08},
   year         ={2010}
}

@techreport{IEEE1516:OMT,
   author       ={Simulation Interoperability Standards Organization/
                   Standards Activities Committee (SISO/SAC)},
   title        ={{\em IEEE Standard for Modeling and Simulation (M\&S)
                    High Level Architecture (HLA) - Object Model Template
                    (OMT) Specification}},
   number       ={IEEE-1516.2-2010},
   institution  ={The Institute of Electrical and Electronics Engineers},
   address      ={3 Park Avenue, New York, NY 10016-5997},
   month        ={08},
   year         ={2010}
}

@techreport{IEEE1730:DSEEP,
   author       ={Simulation Interoperability Standards Organization (SIS0)},
   title        ={{\em IEEE Recommended Practice for Distributed Simulation
                    Engineering and Execution Process (DSEEP)}},
   number       ={IEEE-1730-2010},
   institution  ={The Institute of Electrical and Electronics Engineers},
   address      ={3 Park Avenue, New York, NY 10016-5997},
   month        ={01},
   year         ={2011}
}
