%%%%%%%%%%%%%%%%%%%%%%%%%%%%%%%%%%%%%%%%%%%%%%%%%%%%%%%%%%%%%%%%%%%%%%%%%
%
% Purpose: Bibliography for MODEL
%
% Author: YOUR NAME - DATE
%
% Modified:
%
%
%%%%%%%%%%%%%%%%%%%%%%%%%%%%%%%%%%%%%%%%%%%%%%%%%%%%%%%%%%%%%%%%%%%%%%%%%

@MANUAL{trickhlaenv:MODEL,
   AUTHOR       = "YOUR NAME",
   TITLE        = "{\href{file:MODEL.pdf}
                   {\MODEL}}",
   ORGANIZATION = "National Aeronautics and Space Administration,
                   Johnson Space Center,
                   Software, Robotics \& Simulation Division,
                   Simulation and Graphics Branch",
   ADDRESS      = "2101 NASA Parkway, Houston, Texas, 77058",
   MONTH        = "MONTH",
   YEAR         = "YEAR"}

@MANUAL{trickhlaenv:MODELReqt,
   AUTHOR       = "YOUR NAME",
   TITLE        = "{\href{file:MODELReqt.pdf}
                   {\MODEL\ Product Requirements}}",
   ORGANIZATION = "National Aeronautics and Space Administration,
                   Johnson Space Center,
                   Software, Robotics \& Simulation Division,
                   Simulation and Graphics Branch",
   ADDRESS      = "2101 NASA Parkway, Houston, Texas, 77058",
   MONTH        = "MONTH",
   YEAR         = "YEAR"}

@MANUAL{trickhlaenv:MODELSpec,
   AUTHOR       = "YOUR NAME",
   TITLE        = "{\href{file:MODELSpec.pdf}
                   {\MODEL\ Product Specification}}",
   ORGANIZATION = "National Aeronautics and Space Administration,
                   Johnson Space Center,
                   Software, Robotics \& Simulation Division,
                   Simulation and Graphics Branch",
   ADDRESS      = "2101 NASA Parkway, Houston, Texas, 77058",
   MONTH        = "MONTH",
   YEAR         = "YEAR"}

@MANUAL{trickhlaenv:MODELUser,
   AUTHOR       = "YOUR NAME",
   TITLE        = "{\href{file:MODELUser.pdf}
                   {\MODEL\ User Guide}}",
   ORGANIZATION = "National Aeronautics and Space Administration,
                   Johnson Space Center,
                   Software, Robotics \& Simulation Division,
                   Simulation and Graphics Branch",
   ADDRESS      = "2101 NASA Parkway, Houston, Texas, 77058",
   MONTH        = "MONTH",
   YEAR         = "YEAR"}

@MANUAL{trickhlaenv:MODELIVV,
   AUTHOR       = "YOUR NAME",
   TITLE        = "{\href{file:MODELIVV.pdf}
                   {\MODEL\ Inspection, Verification, and Validation}}",
   ORGANIZATION = "National Aeronautics and Space Administration,
                   Johnson Space Center,
                   Software, Robotics \& Simulation Division,
                   Simulation and Graphics Branch",
   ADDRESS      = "2101 NASA Parkway, Houston, Texas, 77058",
   MONTH        = "MONTH",
   YEAR         = "YEAR"}
