%%%%%%%%%%%%%%%%%%%%%%%%%%%%%%%%%%%%%%%%%%%%%%%%%%%%%%%%%%%%%%%%%%%%%%%%%
%
% Purpose: Bibliography for IEEE 1516 High Level Architecture Standards
%
% Author: Dan E. Dexter - 12/15/2006
%
% Modified:
%
%
%%%%%%%%%%%%%%%%%%%%%%%%%%%%%%%%%%%%%%%%%%%%%%%%%%%%%%%%%%%%%%%%%%%%%%%%%

@TECHREPORT{IEEE1516:FRAMEWORK,
   AUTHOR       = "Simulation Interoperability Standards Organization/
                   Standards Activities Committee (SISO/SAC)",
   TITLE        = "{\em IEEE Standard for Modeling and Simulation (M\&S)
                    High Level Architecture (HLA) - Framework and Rules}",
   NUMBER       = "IEEE-1516-2010",
   INSTITUTION  = "The Institute of Electrical and Electronics Engineers",
   ADDRESS      = "2 Park Avenue, New York, NY 10016-5997",
   MONTH        = "August",
   YEAR         = "2010"}

@TECHREPORT{IEEE1516:API,
   AUTHOR       = "Simulation Interoperability Standards Organization/
                   Standards Activities Committee (SISO/SAC)",
   TITLE        = "{\em IEEE Standard for Modeling and Simulation (M\&S)
                    High Level Architecture (HLA) - Federate Inferface
                    Specification}",
   NUMBER       = "IEEE-1516.1-2010",
   INSTITUTION  = "The Institute of Electrical and Electronics Engineers",
   ADDRESS      = "3 Park Avenue, New York, NY 10016-5997",
   MONTH        = "August",
   YEAR         = "2010"}

@TECHREPORT{IEEE1516:OMT,
   AUTHOR       = "Simulation Interoperability Standards Organization/
                   Standards Activities Committee (SISO/SAC)",
   TITLE        = "{\em IEEE Standard for Modeling and Simulation (M\&S)
                    High Level Architecture (HLA) - Object Model Template
                    (OMT) Specification}",
   NUMBER       = "IEEE-1516.2-2010",
   INSTITUTION  = "The Institute of Electrical and Electronics Engineers",
   ADDRESS      = "3 Park Avenue, New York, NY 10016-5997",
   MONTH        = "August",
   YEAR         = "2010"}

@TECHREPORT{IEEE1730:DSEEP,
   AUTHOR       = "Simulation Interoperability Standards Organization (SIS0)",
   TITLE        = "{\em IEEE Recommended Practice for Distributed Simulation
                    Engineering and Execution Process (DSEEP)}",
   NUMBER       = "IEEE-1730-2010",
   INSTITUTION  = "The Institute of Electrical and Electronics Engineers",
   ADDRESS      = "3 Park Avenue, New York, NY 10016-5997",
   MONTH        = "January",
   YEAR         = "2011"}
