%%%%%%%%%%%%%%%%%%%%%%%%%%%%%%%%%%%%%%%%%%%%%%%%%%%%%%%%%%%%%%%%%%%%%%%%%
%
% Purpose: Bibliography for TrickHLA
%
% Author: Dan E. Dexter - 12/12/2006
%
% Modified: Edwin Z. Crues - 5/18/2020
%
%
%%%%%%%%%%%%%%%%%%%%%%%%%%%%%%%%%%%%%%%%%%%%%%%%%%%%%%%%%%%%%%%%%%%%%%%%%

@MANUAL{trickhlaenv:DSES-multiphase-init-design,
   AUTHOR       = "Dan E. Dexter",
   TITLE        = "{\href{file:DSES_Multiphase_Init_Design_Document.pdf}
                   {Distributed Space Exploration Simulation Multiphase Initialization Design}}",
   ORGANIZATION = "National Aeronautics and Space Administration,
                   Johnson Space Center,
                   Software, Robotics \& Simulation Division,
                   Simulation and Graphics Branch",
   ADDRESS      = "2101 NASA Parkway, Houston, Texas, 77058",
   MONTH        = "December",
   YEAR         = "2007"}

@MANUAL{trickhlaenv:IMSim-multiphase-init-design,
   AUTHOR       = "Dan E. Dexter",
   TITLE        = "{\href{file:IMSim_Multiphase_Init_Design_Document.pdf}
                   {Integrated Mission Simulation Multiphase Initialization Design}}",
   ORGANIZATION = "National Aeronautics and Space Administration,
                   Johnson Space Center,
                   Software, Robotics \& Simulation Division,
                   Simulation and Graphics Branch",
   ADDRESS      = "2101 NASA Parkway, Houston, Texas, 77058",
   MONTH        = "July",
   YEAR         = "2009"}

@MANUAL{trickhlaenv:TrickHLA,
   AUTHOR       = "Edwin Z. Crues",
   TITLE        = "{\href{file:TrickHLA.pdf}
                   {Trick High Level Architecture (TrickHLA)}}",
   ORGANIZATION = "National Aeronautics and Space Administration,
                   Johnson Space Center,
                   Software, Robotics \& Simulation Division,
                   Simulation and Graphics Branch",
   ADDRESS      = "2101 NASA Parkway, Houston, Texas, 77058",
   MONTH        = "June",
   YEAR         = "2020"}

@MANUAL{trickhlaenv:TrickHLAReqt,
   AUTHOR       = "Edwin Z. Crues",
   TITLE        = "{\href{file:TrickHLAReqt.pdf}
                   {TrickHLA Product Requirements}}",
   ORGANIZATION = "National Aeronautics and Space Administration,
                   Johnson Space Center,
                   Software, Robotics \& Simulation Division,
                   Simulation and Graphics Branch",
   ADDRESS      = "2101 NASA Parkway, Houston, Texas, 77058",
   MONTH        = "June",
   YEAR         = "2020"}

@MANUAL{trickhlaenv:TrickHLASpec,
   AUTHOR       = "Edwin Z. Crues",
   TITLE        = "{\href{file:TrickHLASpec.pdf}
                   {TrickHLA Product Specification}}",
   ORGANIZATION = "National Aeronautics and Space Administration,
                   Johnson Space Center,
                   Software, Robotics \& Simulation Division,
                   Simulation and Graphics Branch",
   ADDRESS      = "2101 NASA Parkway, Houston, Texas, 77058",
   MONTH        = "June",
   YEAR         = "2020"}

@MANUAL{trickhlaenv:TrickHLAUser,
   AUTHOR       = "Edwin Z. Crues",
   TITLE        = "{\href{file:TrickHLAUser.pdf}
                   {TrickHLA User Guide}}",
   ORGANIZATION = "National Aeronautics and Space Administration,
                   Johnson Space Center,
                   Software, Robotics \& Simulation Division,
                   Simulation and Graphics Branch",
   ADDRESS      = "2101 NASA Parkway, Houston, Texas, 77058",
   MONTH        = "June",
   YEAR         = "2020"}

@MANUAL{trickhlaenv:TrickHLAIVV,
   AUTHOR       = "Edwin Z. Crues",
   TITLE        = "{\href{file:TrickHLAIVV.pdf}
                   {TrickHLA Inspection, Verification, and Validation}}",
   ORGANIZATION = "National Aeronautics and Space Administration,
                   Johnson Space Center,
                   Software, Robotics \& Simulation Division,
                   Simulation and Graphics Branch",
   ADDRESS      = "2101 NASA Parkway, Houston, Texas, 77058",
   MONTH        = "June",
   YEAR         = "2020"}

@article{art:chandy-misra,
   AUTHOR       = "K. M. Chandy and J. Misra",
   TITLE        = "Asynchronous distributed simulation via a sequence of parallel computations",
   JOURNAL      = "Communications of the ACM",
   VOLUME       = "24",
   NUMBER       = "4",
   MONTH        = "April",
   YEAR         = "1981" }

@article{art:fujimoto-acm,
   AUTHOR       = "Richard M. Fujimoto",
   TITLE        = "Parallel Discrete Event Simulation",
   JOURNAL      = "Communications of the ACM",
   VOLUME       = "33",
   NUMBER       = "10",
   MONTH        = "October",
   YEAR         = "1990" }
